<?xml version="1.0" encoding="UTF-8"?><collection xmlns="http://www.loc.gov/MARC21/slim"><record><leader>00567nam--2200181-i-4500</leader><controlfield tag="001">000033809</controlfield><controlfield tag="002">20161230</controlfield><controlfield tag="005">20161230201039</controlfield><controlfield tag="008">060222s1000------------r-----000-0-eng-d</controlfield><datafield ind1=" " ind2=" " tag="040"><subfield code="a">IFIN-HH</subfield></datafield><datafield ind1=" " ind2=" " tag="080"><subfield code="a">539.142</subfield></datafield><datafield ind1="1" ind2=" " tag="100"><subfield code="a">Nemirovskii, P.E</subfield></datafield><datafield ind1="1" ind2="0" tag="245"><subfield code="a">Contemporary models of the atomic nucleus</subfield><subfield code="b">Translated from russian by s. and m. nikolic</subfield><subfield code="c">P.e. nemirovskii</subfield></datafield><datafield ind1=" " ind2=" " tag="260"><subfield code="a">Oxford</subfield><subfield code="b">Pergamon Press</subfield><subfield code="c">1963</subfield></datafield><datafield ind1=" " ind2=" " tag="300"><subfield code="a">332P</subfield></datafield><datafield ind1=" " ind2=" " tag="500"><subfield code="a">Titlul Original In Limba Rusa: Sovremennie Modeli Atomnogo Iadra</subfield></datafield><datafield ind1=" " ind2=" " tag="852"><subfield code="a">77892</subfield><subfield code="c">539.14</subfield></datafield><datafield ind1=" " ind2=" " tag="CAT"><subfield code="a">Sys</subfield><subfield code="c">20120405</subfield><subfield code="h">171649</subfield></datafield></record></collection>